@Misc{感染症,
    title = {Pythonによる数値計算とシミュレーション},
    author = {小高 知宏},
    year = 2018
}

@Misc{現状,
    title = {新型コロナウイルス感染拡大と流言・トイレットペーパー買いだめ〜報道のあり方を考える〜},
    author = {福長 秀彦},
    howpublished = {\url{https://www.nhk.or.jp/bunken/research/domestic/pdf/20200701_8.pdf}},
    year = 2020
}

@Misc{予言の自己成就,
    title = {”予言の自己成就”と合理性ーブール代数分析による思考実験ー},
    author = {鹿又 伸夫},
    howpublished = {\url{https://www.jstage.jst.go.jp/article/jsr1950/47/2/47_2_156/_pdf}},
    year = 1996
}